<?xml version="1.0" encoding="UTF-8"?><collection xmlns="http://www.loc.gov/MARC21/slim"><record><leader>00393nam--2200133-i-4500</leader><controlfield tag="001">000000973</controlfield><controlfield tag="002">20161230</controlfield><controlfield tag="005">20161230201024</controlfield><controlfield tag="008">060222s1000------------r-----000-0-eng-d</controlfield><datafield ind1=" " ind2=" " tag="080"><subfield code="a">532.082.22(024)=59</subfield></datafield><datafield ind1=" " ind2=" " tag="100"><subfield code="a">Giulea, Olaru.C., Ing. A</subfield></datafield><datafield ind1=" " ind2=" " tag="245"><subfield code="a">Masurarea debitelor cu ajutorul diafragmei</subfield></datafield><datafield ind1=" " ind2=" " tag="260"><subfield code="a">Bucuresti, Editura Tehnica, 1956. 236 P. Cu Ilustr. + 4 F. Tab. + Erata</subfield></datafield><datafield ind1=" " ind2=" " tag="852"><subfield code="a">4231</subfield></datafield></record></collection>